@inproceedings{graham2013psyche,
  title={Psyche: a proof-search engine based on sequent calculus with an LCF-style architecture},
  author={Graham-Lengrand, St{\'e}phane},
  booktitle={International Conference on Automated Reasoning with Analytic Tableaux and Related Methods},
  pages={149--156},
  year={2013},
  organization={Springer Berlin Heidelberg}
}

@article{alliance2001agile,
  title={Agile manifesto},
  author={Alliance, Agile},
  journal={Online at \url{http://www. agilemanifesto. org}},
  volume={6},
  number={1},
  year={2001}
}

@article{vouillon2014bytecode,
  title={From bytecode to JavaScript: the Js\_of\_ocaml compiler},
  author={Vouillon, J{\'e}r{\^o}me and Balat, Vincent},
  journal={Software: Practice and Experience},
  volume={44},
  number={8},
  pages={951--972},
  year={2014},
  publisher={Wiley Online Library}
}

@article{redux2016,
  author = {Westfall},
  title = {Leveling Up with React: Redux},
  year = {2016},
  journal={Online at \url{https://css-tricks.com/learning-react-redux/}},
  urldate = {2017-03-18}
}